@article{ray2023chatgpt,
  title={ChatGPT: A comprehensive review on background, applications, key challenges, bias, ethics, limitations and future scope},
  author={Ray, Partha Pratim},
  journal={Internet of Things and Cyber-Physical Systems},
  year={2023},
  publisher={Elsevier}
}