@article{ray2023chatgpt,
  title={ChatGPT: A comprehensive review on background, applications, key challenges, bias, ethics, limitations and future scope},
  author={Ray, Partha Pratim},
  journal={Internet of Things and Cyber-Physical Systems},
  year={2023},
  publisher={Elsevier}
}

@misc{WinNT,
  title = {{MS Windows NT} Kernel Description},
  howpublished = {\url{http://web.archive.org/web/20080207010024/http://www.808multimedia.com/winnt/kernel.htm}},
  note = {Accessed: 2010-09-30}
}