
@article{dunleavy2009affordances,
  title={Affordances and limitations of immersive participatory augmented reality simulations for teaching and learning},
  author={Dunleavy, Matt and Dede, Chris and Mitchell, Rebecca},
  journal={Journal of science Education and Technology},
  volume={18},
  pages={7--22},
  year={2009},
  publisher={Springer}
}
@article{bacca2014augmented,
  title={Augmented reality trends in education: a systematic review of research and applications},
  author={Bacca Acosta, Jorge Luis and Baldiris Navarro, Silvia Margarita and Fabregat Gesa, Ramon and Graf, Sabine and others},
  journal={Journal of Educational Technology and Society, 2014, vol. 17, n{\'u}m. 4, p. 133-149},
  year={2014},
  publisher={International Forum of Educational Technology and Society}
}
@book{schmalstieg2016augmented,
  title={Augmented reality: principles and practice},
  author={Schmalstieg, Dieter and Hollerer, Tobias},
  year={2016},
  publisher={Addison-Wesley Professional}
}
@inproceedings{bier1993toolglass,
  title={Toolglass and magic lenses: the see-through interface},
  author={Bier, Eric A and Stone, Maureen C and Pier, Ken and Buxton, William and DeRose, Tony D},
  booktitle={Proceedings of the 20th annual conference on Computer graphics and interactive techniques},
  pages={73--80},
  year={1993}
}
@article{lambooij2009visual,
  title={Visual discomfort and visual fatigue of stereoscopic displays: a review},
  author={Lambooij, Marc and IJsselsteijn, Wijnand and Fortuin, Marten and Heynderickx, Ingrid and others},
  journal={Journal of imaging science and technology},
  volume={53},
  number={3},
  pages={30201--1},
  year={2009},
  publisher={Citeseer}
}
@article{hoffman2008vergence,
  title={Vergence--accommodation conflicts hinder visual performance and cause visual fatigue},
  author={Hoffman, David M and Girshick, Ahna R and Akeley, Kurt and Banks, Martin S},
  journal={Journal of vision},
  volume={8},
  number={3},
  pages={33--33},
  year={2008},
  publisher={The Association for Research in Vision and Ophthalmology}
}
@article{MAXWELL201293,
title = {Short-term adaptation of accommodation, accommodative vergence and disparity vergence facility},
journal = {Vision Research},
volume = {62},
pages = {93-101},
year = {2012},
issn = {0042-6989},
doi = {https://doi.org/10.1016/j.visres.2012.03.013},
url = {https://www.sciencedirect.com/science/article/pii/S0042698912000867},
author = {James Maxwell and Jianliang Tong and Clifton M. Schor},
keywords = {Accommodation, Accommodative–vergence, Blur, Eye movements, Human}
}
@book{lipton1982foundations,
  title={Foundations of the stereoscopic cinema: a study in depth},
  author={Lipton, Lenny},
  year={1982},
  publisher={Van Nostrand Reinhold Company}
}
@article{bababekova2011font,
  title={Font size and viewing distance of handheld smart phones},
  author={Bababekova, Yuliya and Rosenfield, Mark and Hue, Jennifer E and Huang, Rae R},
  journal={Optometry and Vision Science},
  volume={88},
  number={7},
  pages={795--797},
  year={2011},
  publisher={LWW}
}
@inproceedings{moloney2007screen,
  title={Screen based augmented reality for architecture},
  author={Moloney, JULES},
  booktitle={International Conference on the Association for Computer-Aided Architectural Design Research in Asia},
  pages={577--584},
  year={2007}
}
@article{holden2016global,
  title={Global prevalence of myopia and high myopia and temporal trends from 2000 through 2050},
  author={Holden, Brien A and Fricke, Timothy R and Wilson, David A and Jong, Monica and Naidoo, Kovin S and Sankaridurg, Padmaja and Wong, Tien Y and Naduvilath, Thomas J and Resnikoff, Serge},
  journal={Ophthalmology},
  volume={123},
  number={5},
  pages={1036--1042},
  year={2016},
  publisher={Elsevier}
}
@article{kaur2022digital,
  title={Digital eye strain-a comprehensive review},
  author={Kaur, Kirandeep and Gurnani, Bharat and Nayak, Swatishree and Deori, Nilutparna and Kaur, Savleen and Jethani, Jitendra and Singh, Digvijay and Agarkar, Sumita and Hussaindeen, Jameel Rizwana and Sukhija, Jaspreet and others},
  journal={Ophthalmology and therapy},
  volume={11},
  number={5},
  pages={1655--1680},
  year={2022},
  publisher={Springer}
}
@article{jaiswal2019ocular,
  title={Ocular and visual discomfort associated with smartphones, tablets and computers: what we do and do not know},
  author={Jaiswal, Sukanya and Asper, Lisa and Long, Jennifer and Lee, Abigail and Harrison, Kirsten and Golebiowski, Blanka},
  journal={Clinical and Experimental Optometry},
  volume={102},
  number={5},
  pages={463--477},
  year={2019},
  publisher={Taylor \& Francis}
}
@article{gowrisankaran2015computer,
  title={Computer vision syndrome: A review},
  author={Gowrisankaran, Sowjanya and Sheedy, James E},
  journal={Work},
  volume={52},
  number={2},
  pages={303--314},
  year={2015},
  publisher={IOS Press}
}
@article{akeley2004stereo,
  title={A stereo display prototype with multiple focal distances},
  author={Akeley, Kurt and Watt, Simon J and Girshick, Ahna Reza and Banks, Martin S},
  journal={ACM transactions on graphics (TOG)},
  volume={23},
  number={3},
  pages={804--813},
  year={2004},
  publisher={ACM New York, NY, USA}
}
@inproceedings{huang2015light,
  title={The light field stereoscope.},
  author={Huang, Fu-Chung and Luebke, David P and Wetzstein, Gordon},
  booktitle={SIGGRAPH emerging technologies},
  pages={24--1},
  year={2015}
}
@article{lanman2013near,
  title={Near-eye light field displays},
  author={Lanman, Douglas and Luebke, David},
  journal={ACM transactions on graphics (TOG)},
  volume={32},
  number={6},
  pages={1--10},
  year={2013},
  publisher={ACM New York, NY, USA}
}
@article{heron2001age,
  title={Age changes in the interactions between the accommodation and vergence systems},
  author={Heron, Gordon and Charman, W Neil and Schor, Clifton M and others},
  journal={Optometry and vision science},
  volume={78},
  number={10},
  pages={754--762},
  year={2001},
  publisher={LWW}
}
@article{lijka2019impact,
  title={The Impact of Diplopia on Reading},
  author={Lijka, Beckie and Toor, Sonia and Arblaster, Gemma},
  journal={The British and Irish Orthoptic Journal},
  volume={15},
  number={1},
  pages={8},
  year={2019},
  publisher={British and Irish Orthoptic Society}
}
@article{zabels2019ar,
  title={AR displays: Next-generation technologies to solve the vergence--accommodation conflict},
  author={Zabels, Roberts and Osmanis, Kri{\v{s}}s and Narels, M{\=a}rti{\c{n}}{\v{s}} and Gertners, U{\`g}is and Ozols, Ain{\=a}rs and R{\=u}tenbergs, K{\=a}rlis and Osmanis, Ilm{\=a}rs},
  journal={Applied Sciences},
  volume={9},
  number={15},
  pages={3147},
  year={2019},
  publisher={MDPI}
}
@article{kramida2015resolving,
  title={Resolving the vergence-accommodation conflict in head-mounted displays},
  author={Kramida, Gregory},
  journal={IEEE transactions on visualization and computer graphics},
  volume={22},
  number={7},
  pages={1912--1931},
  year={2015},
  publisher={IEEE}
}
@inproceedings{shibata2011visual,
  title={Visual discomfort with stereo displays: effects of viewing distance and direction of vergence-accommodation conflict},
  author={Shibata, Takashi and Kim, Joohwan and Hoffman, David M and Banks, Martin S},
  booktitle={Stereoscopic Displays and Applications XXII},
  volume={7863},
  pages={222--230},
  year={2011},
  organization={SPIE}
}
@article{zhou2021vergence,
  title={Vergence-accommodation conflict in optical see-through display: Review and prospect},
  author={Zhou, Yao and Zhang, Jufan and Fang, Fengzhou},
  journal={Results in Optics},
  volume={5},
  pages={100160},
  year={2021},
  publisher={Elsevier}
}
@inproceedings{guo2017effects,
  title={Effects of using HMDs on visual fatigue in virtual environments},
  author={Guo, Jie and Weng, Dongdong and Duh, Henry Been-Lirn and Liu, Yue and Wang, Yongtian},
  booktitle={2017 IEEE Virtual Reality (VR)},
  pages={249--250},
  year={2017},
  organization={IEEE}
}
@article{mizushina2016super,
  title={Super multi-view 3D displays reduce conflict between accommodative and vergence responses},
  author={Mizushina, Haruki and Nakamura, Junya and Takaki, Yasuhiro and Ando, Hiroshi},
  journal={Journal of the Society for Information Display},
  volume={24},
  number={12},
  pages={747--756},
  year={2016},
  publisher={Wiley Online Library}
}
@inproceedings{olwal2005astor,
  title={ASTOR: An autostereoscopic optical see-through augmented reality system},
  author={Olwal, Alex and Lindfors, Christoffer and Gustafsson, Jonny and Kjellberg, Torsten and Mattsson, Lars},
  booktitle={Fourth IEEE and ACM International Symposium on Mixed and Augmented Reality (ISMAR'05)},
  pages={24--27},
  year={2005},
  organization={IEEE}
}
@inproceedings{berning2014study,
  title={A study of depth perception in hand-held augmented reality using autostereoscopic displays},
  author={Berning, Matthias and Kleinert, Daniel and Riedel, Till and Beigl, Michael},
  booktitle={2014 IEEE International Symposium on Mixed and Augmented Reality (ISMAR)},
  pages={93--98},
  year={2014},
  organization={IEEE}
}
@article{ma2022augmented,
  title={Augmented reality autostereoscopic 3D display based on sparse reflection array},
  author={Ma, Xiao-Li and Yuan, Rong-Ying and Zhang, Lin-Bo and He, Min-Yang and Zhang, Han-Le and Xing, Yan and Wang, Qiong-Hua},
  journal={Optics Communications},
  volume={510},
  pages={127913},
  year={2022},
  publisher={Elsevier}
}
@masterthesis{rastogi1997design,
    author = {Rastogi, Anu},
    title = {Design of an interface for teleoperation in unstructured environments using augmented reality displays.},
    school = {University of Toronto},
    year = {1996}
}
@inproceedings{drascic1996perceptual,
  title={Perceptual issues in augmented reality},
  author={Drascic, David and Milgram, Paul},
  booktitle={Stereoscopic displays and virtual reality systems III},
  volume={2653},
  pages={123--134},
  year={1996},
  organization={Spie}
}
@article{krum2012augmented,
  title={Augmented reality using personal projection and retroreflection},
  author={Krum, David M and Suma, Evan A and Bolas, Mark},
  journal={Personal and Ubiquitous Computing},
  volume={16},
  pages={17--26},
  year={2012},
  publisher={Springer}
}
@inproceedings{bimber2005enabling,
  title={Enabling view-dependent stereoscopic projection in real environments},
  author={Bimber, Oliver and Wetzstein, Gordon and Emmerling, Andreas and Nitschke, Christian},
  booktitle={Fourth IEEE and ACM International Symposium on Mixed and Augmented Reality (ISMAR'05)},
  pages={14--23},
  year={2005},
  organization={IEEE}
}
@article{cakmakci2006head,
  title={Head-worn displays: a review},
  author={Cakmakci, Ozan and Rolland, Jannick},
  journal={Journal of display technology},
  volume={2},
  number={3},
  pages={199--216},
  year={2006},
  publisher={IEEE}
}
@article{urey2011state,
  title={State of the art in stereoscopic and autostereoscopic displays},
  author={Urey, Hakan and Chellappan, Kishore V and Erden, Erdem and Surman, Phil},
  journal={Proceedings of the IEEE},
  volume={99},
  number={4},
  pages={540--555},
  year={2011},
  publisher={IEEE}
}
@article{kim20143d,
  title={3D display technology},
  author={Kim, Nam and Phan, Anh-Hoang and Erdenebat, Munkh-Uchral and Alam, Ashraful and Kwon, Ki-Chul and Piao, Mei-Lan and Lee, Jeong-Hyeon},
  journal={Disp. Imag},
  volume={1},
  number={1},
  pages={73--95},
  year={2014}
}
@article{yano2002study,
  title={A study of visual fatigue and visual comfort for 3D HDTV/HDTV images},
  author={Yano, Sumio and Ide, Shinji and Mitsuhashi, Tetsuo and Thwaites, Hal},
  journal={Displays},
  volume={23},
  number={4},
  pages={191--201},
  year={2002},
  publisher={Elsevier}
}
@article{de2022history,
  title={A history of visual acuity testing and optotypes},
  author={de Jong, Paulus TVM},
  journal={Eye},
  pages={1--12},
  year={2022},
  publisher={Nature Publishing Group UK London}
}
@article{rassow1999correlation,
  title={Correlation of letter optotypes with Landholt ring for different degrees of visual acuity},
  author={Rassow, B and Wang, Y},
  journal={Klinische Monatsblatter fur Augenheilkunde},
  volume={215},
  number={2},
  pages={119--126},
  year={1999}
}
@article{lin2017retinal,
  title={Retinal projection head-mounted display},
  author={Lin, Junguo and Cheng, Dewen and Yao, Cheng and Wang, Yongtian},
  journal={Frontiers of Optoelectronics},
  volume={10},
  pages={1--8},
  year={2017},
  publisher={Springer}
}
@article{westheimer1966maxwellian,
  title={The maxwellian view},
  author={Westheimer, Gerald},
  journal={Vision research},
  volume={6},
  number={11-12},
  pages={669--682},
  year={1966},
  publisher={Elsevier}
}
@book{khurana2017theory,
  title={Theory and Practice of Optics and Refraction},
  author={Khurana, A.K. and Khurana, A.K. and Khurana, B.},
  isbn={9788131249154},
  series={Modern system of ophthalmology (MSO) series},
  url={https://books.google.co.jp/books?id=tnX7zQEACAAJ},
  year={2017},
  publisher={Elsevier India}
}
@INPROCEEDINGS{7893336,
  author={Mohr, Peter and Tatzgern, Markus and Grubert, Jens and Schmalstieg, Dieter and Kalkofen, Denis},
  booktitle={2017 IEEE Symposium on 3D User Interfaces (3DUI)}, 
  title={Adaptive user perspective rendering for Handheld Augmented Reality}, 
  year={2017},
  volume={},
  number={},
  pages={176-181},
  doi={10.1109/3DUI.2017.7893336}
}
@INPROCEEDINGS{6402557,
  author={Baričević, Domagoj and Lee, Cha and Turk, Matthew and Höllerer, Tobias and Bowman, Doug A.},
  booktitle={2012 IEEE International Symposium on Mixed and Augmented Reality (ISMAR)}, 
  title={A hand-held AR magic lens with user-perspective rendering}, 
  year={2012},
  volume={},
  number={},
  pages={197-206},
  doi={10.1109/ISMAR.2012.6402557}
}
@inproceedings{vcopivc2014use,
  title={The use of surrounding visual context in handheld AR: device vs. user perspective rendering},
  author={{\v{C}}opi{\v{c}} Pucihar, Klen and Coulton, Paul and Alexander, Jason},
  booktitle={Proceedings of the SIGCHI Conference on Human Factors in Computing Systems},
  pages={197--206},
  year={2014}
}
@inproceedings{vcopivc2013evaluating,
  title={Evaluating dual-view perceptual issues in handheld augmented reality: device vs. user perspective rendering},
  author={{\v{C}}opi{\v{c}} Pucihar, Klen and Coulton, Paul and Alexander, Jason},
  booktitle={Proceedings of the 15th ACM on International conference on multimodal interaction},
  pages={381--388},
  year={2013}
}

@ARTICLE{Biener2022,
  author={Biener, Verena and Kalamkar, Snehanjali and Nouri, Negar and Ofek, Eyal and Pahud, Michel and Dudley, John J. and Hu, Jinghui and Kristensson, Per Ola and Weerasinghe, Maheshya and Pucihar, Klen Čopič and Kljun, Matjaž and Streuber, Stephan and Grubert, Jens},
  journal={IEEE Transactions on Visualization and Computer Graphics}, 
  title={Quantifying the Effects of Working in VR for One Week}, 
  year={2022},
  volume={28},
  number={11},
  pages={3810-3820},
  doi={10.1109/TVCG.2022.3203103}}
